@misc{banakh2023classical,
      title={{Classical Set Theory: Theory of Sets and Classes}}, 
      author={Taras Banakh},
      year={2023},
      eprint={2006.01613},
      archivePrefix={arXiv},
      primaryClass={math.LO}
}
@misc{farmer2013chiron,
      title={Chiron: A Set Theory with Types, Undefinedness, Quotation, and Evaluation}, 
      author={William M. Farmer},
      year={2013},
      eprint={1305.6206},
      archivePrefix={arXiv},
      primaryClass={math.LO}
}
@misc{gheorghiu2023prooftheoretic,
      title={{Proof-theoretic Semantics and Tactical Proof}}, 
      author={Alexander V. Gheorghiu and David J. Pym},
      year={2023},
      eprint={2301.02302},
      archivePrefix={arXiv},
      primaryClass={cs.LO}
}
@misc{guallart2014overview,
      title={{An overview of type theories}}, 
      author={Nino Guallart},
      year={2014},
      eprint={1411.1029},
      archivePrefix={arXiv},
      primaryClass={math.LO}
}


@misc{hester2019automated,
      title={{Automated ZFC Theorem Proving with E}}, 
      author={John Hester},
      year={2019},
      eprint={1902.00818},
      archivePrefix={arXiv},
      primaryClass={cs.LO}
}


@book{jech2003set,
  title={{Set Theory: The third millennium edition, revised and expanded}},
  author={Jech, Thomas},
  year={2003},
  publisher={Springer}
}


@misc{low2014universes,
      title={Universes for category theory}, 
      author={Zhen Lin Low},
      year={2014},
      eprint={1304.5227},
      archivePrefix={arXiv},
      primaryClass={math.CT}
}


@book{mendelson2015mathematical,
  title={{Introduction to Mathematical Logic}},
  author={Mendelson, Elliott},
  year={2015},
  publisher={CRC Press},
  edition={Sixth ed.}
}
@book{milner1997definition,
  title={{The Definition of Standard ML (Revised)}},
  author={Milner, Robin and Harper, Robert and MacQueen, David and Tofte, Mads},
  year={1997},
  publisher={MIT Press},
  url={https://smlfamily.github.io/sml97-defn.pdf}
}
@inbook{Nipkow_2021,
   title={{Isabelle's Metalogic: Formalization and Proof Checker}},
   ISBN={9783030798765},
   ISSN={1611-3349},
   url={http://dx.doi.org/10.1007/978-3-030-79876-5_6},
   DOI={10.1007/978-3-030-79876-5_6},
   booktitle={Lecture Notes in Computer Science},
   publisher={Springer International Publishing},
   author={Nipkow, Tobias and Ro{\ss}kopf, Simon},
   year={2021},
   pages={93--110}
}
@misc{pulgarin2023came,
      title={{Which came first, set theory or logic?}}, 
      author={J. Julian Pulgar\'{\i}n and Andr\'{e}s F. Uribe-Zapata},
      year={2023},
      eprint={2311.11032},
      archivePrefix={arXiv},
      primaryClass={math.LO}
}
